@misc{alex2016unifying,
    title={Unifying Adversarial Training Algorithms with Flexible Deep Data Gradient Regularization},
    author={Alexander G. Ororbia II and C. Lee Giles and Daniel Kifer},
    year={2016},
    eprint={1601.07213},
    archivePrefix={arXiv},
    primaryClass={cs.LG}
}


@article{atick1992could,
  title={Could information theory provide an ecological theory of sensory processing?},
  author={Atick, Joseph J},
  journal={Network: Computation in neural systems},
  volume={3},
  number={2},
  pages={213--251},
  year={1992},
  publisher={Taylor \& Francis}
}

@misc{engstrom2019robustness,
   title={Robustness (Python Library)},
   author={Logan Engstrom and Andrew Ilyas and Shibani Santurkar and Dimitris Tsipras},
   year={2019},
   url={https://github.com/MadryLab/robustness}
}

@inproceedings{amsaleg2017vulnerability,
  title={The vulnerability of learning to adversarial perturbation increases with intrinsic dimensionality},
  author={Amsaleg, Laurent and Bailey, James and Barbe, Dominique and Erfani, Sarah and Houle, Michael E and Nguyen, Vinh and Radovanovi{\'c}, Milo{\v{s}}},
  booktitle={2017 IEEE Workshop on Information Forensics and Security (WIFS)},
  pages={1--6},
  year={2017},
  organization={IEEE}
}


@article{bell1997independent,
  title={The “independent components” of natural scenes are edge filters},
  author={Bell, Anthony J and Sejnowski, Terrence J},
  journal={Vision research},
  volume={37},
  number={23},
  pages={3327--3338},
  year={1997},
  publisher={Elsevier}
}



@article{cadieu2014deep,
  title={Deep neural networks rival the representation of primate IT cortex for core visual object recognition},
  author={Cadieu, Charles F and Hong, Ha and Yamins, Daniel LK and Pinto, Nicolas and Ardila, Diego and Solomon, Ethan A and Majaj, Najib J and DiCarlo, James J},
  journal={PLoS computational biology},
  volume={10},
  number={12},
  pages={e1003963},
  year={2014},
  publisher={Public Library of Science}
}


@article{charles2018geometric,
  title={A geometric perspective on the transferability of adversarial directions},
  author={Charles, Zachary and Rosenberg, Harrison and Papailiopoulos, Dimitris},
  journal={arXiv preprint arXiv:1811.03531},
  year={2018}
}


@inproceedings{chen2018sparse,
  title={The sparse manifold transform},
  author={Chen, Yubei and Paiton, Dylan and Olshausen, Bruno},
  booktitle={Advances in Neural Information Processing Systems},
  pages={10513--10524},
  year={2018}
}


@article{chung2018classification,
  title={Classification and geometry of general perceptual manifolds},
  author={Chung, SueYeon and Lee, Daniel D and Sompolinsky, Haim},
  journal={Physical Review X},
  volume={8},
  number={3},
  pages={031003},
  year={2018},
  publisher={APS}
}


@inproceedings{deng2009imagenet,
  title={Imagenet: A large-scale hierarchical image database},
  author={Deng, Jia and Dong, Wei and Socher, Richard and Li, Li-Jia and Li, Kai and Fei-Fei, Li},
  booktitle={2009 IEEE conference on computer vision and pattern recognition},
  pages={248--255},
  year={2009},
  organization={Ieee}
}


@article{field1987relations,
  title={Relations between the statistics of natural images and the response properties of cortical cells},
  author={Field, David J},
  journal={Josa a},
  volume={4},
  number={12},
  pages={2379--2394},
  year={1987},
  publisher={Optical Society of America}
}



@inproceedings{fawzi2018empirical,
  title={Empirical study of the topology and geometry of deep networks},
  author={Fawzi, Alhussein and Moosavi-Dezfooli, Seyed-Mohsen and Frossard, Pascal and Soatto, Stefano},
  booktitle={Proceedings of the IEEE Conference on Computer Vision and Pattern Recognition},
  pages={3762--3770},
  year={2018}
}


@misc{goodfellow2014explaining,
    title={Explaining and Harnessing Adversarial Examples},
    author={Ian J. Goodfellow and Jonathon Shlens and Christian Szegedy},
    year={2014},
    eprint={1412.6572},
    archivePrefix={arXiv},
    primaryClass={stat.ML}
}


@misc{gu2014deep,
    title={Towards Deep Neural Network Architectures Robust to Adversarial Examples},
    author={Shixiang Gu and Luca Rigazio},
    year={2014},
    eprint={1412.5068},
    archivePrefix={arXiv},
    primaryClass={cs.LG}
}


@article{gucclu2015deep,
  title={Deep neural networks reveal a gradient in the complexity of neural representations across the ventral stream},
  author={G{\"u}{\c{c}}l{\"u}, Umut and van Gerven, Marcel AJ},
  journal={Journal of Neuroscience},
  volume={35},
  number={27},
  pages={10005--10014},
  year={2015},
  publisher={Soc Neuroscience}
}


@inproceedings{he2016deep,
  title={Deep residual learning for image recognition},
  author={He, Kaiming and Zhang, Xiangyu and Ren, Shaoqing and Sun, Jian},
  booktitle={Proceedings of the IEEE conference on computer vision and pattern recognition},
  pages={770--778},
  year={2016}
}


@article{hoffman2019robust,
  title={Robust Learning with Jacobian Regularization},
  author={Hoffman, Judy and Roberts, Daniel A and Yaida, Sho},
  journal={arXiv preprint arXiv:1908.02729},
  year={2019}
}


@article{ilyas2019adversarial,
  title={Adversarial examples are not bugs, they are features},
  author={Ilyas, Andrew and Santurkar, Shibani and Tsipras, Dimitris and Engstrom, Logan and Tran, Brandon and Madry, Aleksander},
  journal={arXiv preprint arXiv:1905.02175},
  year={2019}
}


@article{khaligh2014deep,
  title={Deep supervised, but not unsupervised, models may explain IT cortical representation},
  author={Khaligh-Razavi, Seyed-Mahdi and Kriegeskorte, Nikolaus},
  journal={PLoS computational biology},
  volume={10},
  number={11},
  pages={e1003915},
  year={2014},
  publisher={Public Library of Science}
}


@misc{khoury2018geometry,
    title={On the Geometry of Adversarial Examples},
    author={Marc Khoury and Dylan Hadfield-Menell},
    year={2018},
    eprint={1811.00525},
    archivePrefix={arXiv},
    primaryClass={cs.LG}
}


@misc{kornblith2019similarity,
    title={Similarity of Neural Network Representations Revisited},
    author={Simon Kornblith and Mohammad Norouzi and Honglak Lee and Geoffrey Hinton},
    year={2019},
    eprint={1905.00414},
    archivePrefix={arXiv},
    primaryClass={cs.LG}
}


@article{kriegeskorte2008representational,
  title={Representational similarity analysis-connecting the branches of systems neuroscience},
  author={Kriegeskorte, Nikolaus and Mur, Marieke and Bandettini, Peter A},
  journal={Frontiers in systems neuroscience},
  volume={2},
  pages={4},
  year={2008},
  publisher={Frontiers}
}


@techreport{krizhevsky2009learning,
  title={Learning multiple layers of features from tiny images},
  author={Krizhevsky, Alex and Hinton, Geoffrey and others},
  year={2009},
  institution={Citeseer}
}


@misc{krizhevsky2014weird,
    title={One weird trick for parallelizing convolutional neural networks},
    author={Alex Krizhevsky},
    year={2014},
    eprint={1404.5997},
    archivePrefix={arXiv},
    primaryClass={cs.NE}
}


@misc{kurakin2016adversarial,
    title={Adversarial examples in the physical world},
    author={Alexey Kurakin and Ian Goodfellow and Samy Bengio},
    year={2016},
    eprint={1607.02533},
    archivePrefix={arXiv},
    primaryClass={cs.CV}
}


@inproceedings{li2016convergent,
  title={Convergent Learning: Do different neural networks learn the same representations?},
  author={Li, Yixuan and Yosinski, Jason and Clune, Jeff and Lipson, Hod and Hopcroft, John E},
  booktitle={ICLR},
  year={2016}
}

@article{lu2018shared,
  title={Shared Representational Geometry Across Neural Networks},
  author={Lu, Qihong and Chen, Po-Hsuan and Pillow, Jonathan W and Ramadge, Peter J and Norman, Kenneth A and Hasson, Uri},
  journal={arXiv preprint arXiv:1811.11684},
  year={2018}
}


@article{lotter2016deep,
  title={Deep predictive coding networks for video prediction and unsupervised learning},
  author={Lotter, William and Kreiman, Gabriel and Cox, David},
  journal={arXiv preprint arXiv:1605.08104},
  year={2016}
}


@article{ma2018characterizing,
  title={Characterizing adversarial subspaces using local intrinsic dimensionality},
  author={Ma, Xingjun and Li, Bo and Wang, Yisen and Erfani, Sarah M and Wijewickrema, Sudanthi and Schoenebeck, Grant and Song, Dawn and Houle, Michael E and Bailey, James},
  journal={arXiv preprint arXiv:1801.02613},
  year={2018}
}


@article{madry2017towards,
  title={Towards deep learning models resistant to adversarial attacks},
  author={Madry, Aleksander and Makelov, Aleksandar and Schmidt, Ludwig and Tsipras, Dimitris and Vladu, Adrian},
  journal={arXiv preprint arXiv:1706.06083},
  year={2017}
}


@inproceedings{mcintosh2016deep,
  title={Deep learning models of the retinal response to natural scenes},
  author={McIntosh, Lane and Maheswaranathan, Niru and Nayebi, Aran and Ganguli, Surya and Baccus, Stephen},
  booktitle={Advances in neural information processing systems},
  pages={1369--1377},
  year={2016}
}


@inproceedings{morcos2018insights,
  title={Insights on representational similarity in neural networks with canonical correlation},
  author={Morcos, Ari and Raghu, Maithra and Bengio, Samy},
  booktitle={Advances in Neural Information Processing Systems},
  pages={5727--5736},
  year={2018}
}



@inproceedings{paszke2017automatic,
  title={Automatic Differentiation in {PyTorch}},
  author={Paszke, Adam and Gross, Sam and Chintala, Soumith and Chanan, Gregory and Yang, Edward and DeVito, Zachary and Lin, Zeming and Desmaison, Alban and Antiga, Luca and Lerer, Adam},
  booktitle={NeurIPS Autodiff Workshop},
  year={2017}
}


@article{pehlevan2015optimization,
   title={Optimization theory of Hebbian/anti-Hebbian networks for PCA and whitening},
   ISBN={9781509018246},
   url={http://dx.doi.org/10.1109/ALLERTON.2015.7447180},
   DOI={10.1109/allerton.2015.7447180},
   journal={2015 53rd Annual Allerton Conference on Communication, Control, and Computing (Allerton)},
   publisher={IEEE},
   author={Pehlevan, Cengiz and Chklovskii, Dmitri B.},
   year={2015},
   month={Sep}
}



@article{ruderman1994statistics,
  title={The statistics of natural images},
  author={Ruderman, Daniel L},
  journal={Network: computation in neural systems},
  volume={5},
  number={4},
  pages={517--548},
  year={1994},
  publisher={Taylor \& Francis}
}


@inproceedings{ruderman1994scaling,
  title={Statistics of natural images: Scaling in the woods},
  author={Ruderman, Daniel L and Bialek, William},
  booktitle={Advances in neural information processing systems},
  pages={551--558},
  year={1994}
}



@article{ruderman1997origins,
  title={Origins of scaling in natural images},
  author={Ruderman, Daniel L},
  journal={Vision research},
  volume={37},
  number={23},
  pages={3385--3398},
  year={1997},
  publisher={Elsevier}
}


@article{russakovsky2015imagenet,
  title={Imagenet large scale visual recognition challenge},
  author={Russakovsky, Olga and Deng, Jia and Su, Hao and Krause, Jonathan and Satheesh, Sanjeev and Ma, Sean and Huang, Zhiheng and Karpathy, Andrej and Khosla, Aditya and Bernstein, Michael and others},
  journal={International journal of computer vision},
  volume={115},
  number={3},
  pages={211--252},
  year={2015},
  publisher={Springer}
}



@article{simoncelli2001natural,
  title={Natural image statistics and neural representation},
  author={Simoncelli, Eero P and Olshausen, Bruno A},
  journal={Annual review of neuroscience},
  volume={24},
  number={1},
  pages={1193--1216},
  year={2001},
  publisher={Annual Reviews 4139 El Camino Way, PO Box 10139, Palo Alto, CA 94303-0139, USA}
}



@misc{simonyan2014deep,
    title={Very Deep Convolutional Networks for Large-Scale Image Recognition},
    author={Karen Simonyan and Andrew Zisserman},
    year={2014},
    eprint={1409.1556},
    archivePrefix={arXiv},
    primaryClass={cs.CV}
}


@article{stringer2019high,
  title={High-dimensional geometry of population responses in visual cortex},
  author={Stringer, Carsen and Pachitariu, Marius and Steinmetz, Nicholas and Carandini, Matteo and Harris, Kenneth D},
  journal={Nature},
  pages={1},
  year={2019},
  publisher={Nature Publishing Group}
}


@article{sokolic2017robustmargin,
   title={Robust Large Margin Deep Neural Networks},
   volume={65},
   ISSN={1941-0476},
   url={http://dx.doi.org/10.1109/TSP.2017.2708039},
   DOI={10.1109/tsp.2017.2708039},
   number={16},
   journal={IEEE Transactions on Signal Processing},
   publisher={Institute of Electrical and Electronics Engineers (IEEE)},
   author={Sokolic, Jure and Giryes, Raja and Sapiro, Guillermo and Rodrigues, Miguel R. D.},
   year={2017},
   month={Aug},
   pages={4265–4280}
}



@article{szegedy2013intriguing,
    title={Intriguing properties of neural networks},
    author={Christian Szegedy and Wojciech Zaremba and Ilya Sutskever and Joan Bruna and Dumitru Erhan and Ian Goodfellow and Rob Fergus},
    year={2013},
    eprint={1312.6199},
    archivePrefix={arXiv},
    primaryClass={cs.CV}
}


@misc{szegedy2014going,
    title={Going Deeper with Convolutions},
    author={Christian Szegedy and Wei Liu and Yangqing Jia and Pierre Sermanet and Scott Reed and Dragomir Anguelov and Dumitru Erhan and Vincent Vanhoucke and Andrew Rabinovich},
    year={2014},
    eprint={1409.4842},
    archivePrefix={arXiv},
    primaryClass={cs.CV}
}


@misc{tan2018mnasnet,
    title={MnasNet: Platform-Aware Neural Architecture Search for Mobile},
    author={Mingxing Tan and Bo Chen and Ruoming Pang and Vijay Vasudevan and Mark Sandler and Andrew Howard and Quoc V. Le},
    year={2018},
    eprint={1807.11626},
    archivePrefix={arXiv},
    primaryClass={cs.CV}
}


@inproceedings{tanaka2019deep,
  title={From deep learning to mechanistic understanding in neuroscience: the structure of retinal prediction},
  author={Tanaka, Hidenori and Nayebi, Aran and Maheswaranathan, Niru and McIntosh, Lane and Baccus, Stephen and Ganguli, Surya},
  booktitle={Advances in Neural Information Processing Systems},
  pages={8535--8545},
  year={2019}
}


@article{van1998independent,
  title={Independent component filters of natural images compared with simple cells in primary visual cortex},
  author={Van Hateren, J Hans and van der Schaaf, Arjen},
  journal={Proceedings of the Royal Society of London. Series B: Biological Sciences},
  volume={265},
  number={1394},
  pages={359--366},
  year={1998},
  publisher={The Royal Society}
}


@article{van2011numpy,
  title={The NumPy array: a structure for efficient numerical computation},
  author={Van Der Walt, Stefan and Colbert, S Chris and Varoquaux, Gael},
  journal={Computing in Science \& Engineering},
  volume={13},
  number={2},
  pages={22},
  year={2011},
  publisher={IEEE Computer Society}
}



@article{wiyatno2019adversarial,
  title={Adversarial Examples in Modern Machine Learning: A Review},
  author={Wiyatno, Rey Reza and Xu, Anqi and Dia, Ousmane and de Berker, Archy},
  journal={arXiv preprint arXiv:1911.05268},
  year={2019}
}


@article{yamins2014performance,
  title={Performance-optimized hierarchical models predict neural responses in higher visual cortex},
  author={Yamins, Daniel LK and Hong, Ha and Cadieu, Charles F and Solomon, Ethan A and Seibert, Darren and DiCarlo, James J},
  journal={Proceedings of the National Academy of Sciences},
  volume={111},
  number={23},
  pages={8619--8624},
  year={2014},
  publisher={National Acad Sciences}
}


@article{yamins2016using,
  title={Using goal-driven deep learning models to understand sensory cortex},
  author={Yamins, Daniel LK and DiCarlo, James J},
  journal={Nature neuroscience},
  volume={19},
  number={3},
  pages={356},
  year={2016},
  publisher={Nature Publishing Group}
}

